<record><leader>00000cas a2200000 a 4500</leader><controlfield tag="001">34041707</controlfield><controlfield tag="008">960117d18851890miuwr ne      0    0eng c</controlfield><datafield ind1=" " ind2=" " tag="010"><subfield code="a">sn 95077640 </subfield></datafield><datafield ind1=" " ind2=" " tag="040"><subfield code="a">MHN</subfield><subfield code="b">eng</subfield><subfield code="c">MHN</subfield><subfield code="d">OCL</subfield><subfield code="d">OCLCQ</subfield><subfield code="d">OCLCF</subfield><subfield code="d">OCLCO</subfield></datafield><datafield ind1="1" ind2=" " tag="029"><subfield code="a">AU@</subfield><subfield code="b">000012204802</subfield></datafield><datafield ind1=" " ind2=" " tag="042"><subfield code="a">pcc</subfield></datafield><datafield ind1=" " ind2=" " tag="043"><subfield code="a">n-us-mi</subfield></datafield><datafield ind1="0" ind2=" " tag="130"><subfield code="a">Labor journal (Alpena, Mich.)</subfield></datafield><datafield ind1="1" ind2="0" tag="245"><subfield code="a">Labor journal.</subfield></datafield><datafield ind1=" " ind2=" " tag="260"><subfield code="a">Alpena [Mich. :</subfield><subfield code="b">s.n.]</subfield></datafield><datafield ind1=" " ind2=" " tag="300"><subfield code="a">v.</subfield></datafield><datafield ind1=" " ind2=" " tag="310"><subfield code="a">Weekly</subfield></datafield><datafield ind1="0" ind2=" " tag="362"><subfield code="a">Vol. 2, no. 39 (Jan. 3, 1885)-v. 8, no. 34 (Dec. 26, 1890) = whole no. 91-whole no. 403.</subfield></datafield><datafield ind1=" " ind2=" " tag="580"><subfield code="a">Continued by: Alpena journal? Cf. Labor journal (Alpena Mich.), Dec. 26, 1890.</subfield></datafield><datafield ind1=" " ind2="0" tag="651"><subfield code="a">Alpena (Mich.)</subfield><subfield code="v">Newspapers.</subfield></datafield><datafield ind1=" " ind2="0" tag="651"><subfield code="a">Alpena County (Mich.)</subfield><subfield code="v">Newspapers.</subfield></datafield><datafield ind1=" " ind2="7" tag="655"><subfield code="a">Newspapers.</subfield><subfield code="2">fast</subfield><subfield code="0">(OCoLC)fst01423814</subfield></datafield><datafield ind1=" " ind2="7" tag="651"><subfield code="a">Michigan</subfield><subfield code="z">Alpena.</subfield><subfield code="2">fast</subfield><subfield code="0">(OCoLC)fst01217114</subfield></datafield><datafield ind1=" " ind2="7" tag="651"><subfield code="a">Michigan</subfield><subfield code="z">Alpena County.</subfield><subfield code="2">fast</subfield><subfield code="0">(OCoLC)fst01224418</subfield></datafield><datafield ind1=" " ind2=" " tag="752"><subfield code="a">United States</subfield><subfield code="b">Michigan</subfield><subfield code="c">Alpena</subfield><subfield code="d">Alpena.</subfield></datafield><datafield ind1="0" ind2="0" tag="780"><subfield code="t">Michigan labor journal</subfield><subfield code="w">(DLC)sn 95077639</subfield><subfield code="w">(OCoLC)34015029</subfield></datafield><datafield ind1="1" ind2="0" tag="785"><subfield code="t">Alpena journal</subfield><subfield code="w">(DLC)sn 98066187</subfield><subfield code="w">(OCoLC)38849918</subfield></datafield></record>